@url {GaussModelNote,
    title = {In Depth: Gaussian Mixture Models},
    url = {https://jakevdp.github.io/PythonDataScienceHandbook/05.12-gaussian-mixtures.html},   
    author = {Jake VanderPlas},
    title = {Python Data Science Handbook},
    year = {2016}
}